@phdthesis{discrete_exterior_calculus_thesis,
  author = {Anil N. Hirani},
  title  = {Discrete Exterior Calculus},
  school = {California Institute of Technology},
  year   = {2003},
  type   = {Ph.D. Thesis},
  url    = {https://www.cs.jhu.edu/~misha/Fall09/Hirani03.pdf}
}

@techreport{craneDDG,
  author      = {Keenan Crane},
  title       = {Discrete Differential Geometry: An Applied Introduction},
  institution = {Carnegie Mellon University},
  year        = {2023},
  url         = {https://www.cs.cmu.edu/~kmcrane/Projects/DDG/paper.pdf}
}


@techreport{sharp2021intrinsic,
  author      = {Nicholas Sharp},
  title       = {Intrinsic Triangulations in Geometry Processing},
  institution = {Computer Science Department, School of Computer Science, Carnegie Mellon University},
  type        = {Ph.D. Thesis},
  year        = {2021},
  url         = {http://reports-archive.adm.cs.cmu.edu/anon/2021/CMU-CS-21-132.pdf}
}

@article{shape_from_metric,
  author  = {Albert Chern and Felix Knöppel and Ulrich Pinkall and Peter Schröder},
  title   = {Shape from Metric},
  journal = {ACM Transactions on Graphics},
  year    = {2018},
  doi     = {10.1145/3197517.3201276},
  url     = {https://doi.org/10.1145/3197517.3201276}
}

@article{discrete_exterior_calculus,
  author  = {Mathieu Desbrun and Anil N. Hirani and Melvin Leok and Jerrold E. Marsden},
  title   = {Discrete Exterior Calculus},
  journal = {arXiv preprint math/0508341},
  year    = {2005},
  url     = {https://arxiv.org/pdf/math/0508341}
}

@article{intrinsic_laplacian,
  author  = {Alexander I. Bobenko and Boris A. Springborn},
  title   = {A Discrete Laplace--Beltrami Operator for Simplicial Surfaces},
  journal = {Discrete \& Computational Geometry},
  year    = {2007},
  doi     = {10.1007/s00454-007-9006-1},
  url     = {https://page.math.tu-berlin.de/~bobenko/papers/2007_Bob_Spr.pdf}
}

@phdthesis{kramer2023probabilistic,
  author = {Peter Nicholas Krämer},
  title  = {Implementing Probabilistic Numerical Solvers for Differential Equations},
  school = {Eberhard Karls Universität Tübingen},
  year   = {2023},
  type   = {Ph.D. Thesis},
  url    = {http://dx.doi.org/10.15496/publikation-94093}
}

@book{probnum,
  author    = {Philipp Hennig and Michael A. Osborne and Hans P. Kersting},
  title     = {Probabilistic Numerics: Computation as Machine Learning},
  publisher = {Cambridge University Press},
  year      = {2022},
  address   = {Cambridge, UK}
}

@article{calibrated_probabilistic,
  author  = {Nathanael Bosch and Philipp Hennig and Filip Tronarp},
  title   = {Calibrated Adaptive Probabilistic ODE Solvers},
  journal = {arXiv preprint arXiv:2012.08202},
  year    = {2020},
  url     = {https://arxiv.org/pdf/2012.08202},
  note    = {Available at \url{https://arxiv.org/pdf/2012.08202}}
}

@article{exponential_probabilistic,
  author  = {Nathanael Bosch and Philipp Hennig and Filip Tronarp},
  title   = {Probabilistic Exponential Integrators},
  journal = {arXiv preprint arXiv:2012.08202},
  year    = {2020},
  url     = {https://arxiv.org/pdf/2012.08202},
  note    = {Available at \url{https://arxiv.org/pdf/2012.08202}}
}

@inproceedings{information_operator,
  author    = {Nathanael Bosch and Filip Tronarp and Philipp Hennig},
  title     = {Pick-and-Mix Information Operators for Probabilistic ODE Solvers},
  booktitle = {Proceedings of the International Conference on Artificial Intelligence and Statistics (AISTATS)},
  pages     = {10015--10027},
  year      = {2022},
  publisher = {PMLR}
}

@techreport{ndcotangent,
  author      = {Keenan Crane},
  title       = {The n-Dimensional Cotangent Formula},
  year        = {2019},
  institution = {Carnegie Mellon University},
  url         = {https://www.cs.cmu.edu/~kmcrane/Projects/Other/nDCotanFormula.pdf}
}

@techreport{nonmanifold_laplacian,
  author      = {Nicholas Sharp and Keenan Crane},
  title       = {A Laplacian for Nonmanifold Triangle Meshes},
  institution = {Carnegie Mellon University},
  year        = {2020},
  number      = {5},
  url         = {https://www.cs.cmu.edu/~kmcrane/Projects/NonmanifoldLaplace/NonmanifoldLaplace.pdf}
}

TODO: ADD THIS ONE
@misc{jax,
  author       = {James Bradbury and Roy Frostig and Peter Hawkins and Matthew James Johnson and Chris Leary and Dougal Maclaurin and George Necula and Adam Paszke and Jake VanderPlas and Skye Wanderman-Milne and Qiao Zhang},
  title        = {JAX: Composable Transformations of Python+NumPy Programs},
  year         = {2018},
  howpublished = {\url{http://github.com/google/jax}}
}

TODO: ADD THIS ONE
@article{choleskyQR,
  author  = {Stuart Gibson and Brett Ninness},
  title   = {Robust Maximum-Likelihood Estimation of Multivariable Dynamic Systems},
  journal = {Automatica},
  volume  = {41},
  year    = {2005}
}


TODO: ADD THIS ONE
@inproceedings{hennig2014probabilistic,
  author    = {Philipp Hennig and Søren Hauberg},
  title     = {Probabilistic Solutions to Differential Equations and Their Application to Riemannian Statistics},
  booktitle = {Proceedings of Artificial Intelligence and Statistics (AISTATS)},
  pages     = {347--355},
  year      = {2014}
}

@book{bryant1991exterior,
  author    = {Bryant, R. L. and Chern, S. S. and Gardner, R. B. and Goldschmidt, H. L. and Griffiths, P. A.},
  title     = {Exterior Differential Systems},
  publisher = {Springer-Verlag},
  year      = {1991}
}

TODO: stable
@article{preconditioning,
  author  = {Nicholas Krämer and Philipp Hennig},
  title   = {Stable Implementation of Probabilistic ODE Solvers},
  journal = {arXiv preprint arXiv:2012.10106},
  year    = {2020},
  url     = {https://arxiv.org/abs/2012.10106}
}

@misc{hodge,
  author      = {Edmond Rusjan},
  title       = {The Discrete Hodge Star Operator},
  year        = {2013},
  institution = {SUNYIT},
  note        = {Presented at HRUMC, April 6, 2013},
  url         = {https://web.williams.edu/Mathematics/sjmiller/public_html/hudson/EdmondRusjan-DiscreteHodgeStar.pdf}
}

TODO 
@article{mesh_visualization,
  author  = {Tchon, K. F. and Dompierre, J. and Vallet, M. G. and others},
  title   = {Two-Dimensional Metric Tensor Visualization Using Pseudo-Meshes},
  journal = {Engineering with Computers},
  volume  = {22},
  pages   = {121--131},
  year    = {2006},
  doi     = {10.1007/s00366-006-0012-3},
  url     = {https://doi.org/10.1007/s00366-006-0012-3}
}

@article{longest_edge_bisection,
  title   = {Local mesh refinement in 2 and 3 dimensions},
  journal = {IMPACT of Computing in Science and Engineering},
  volume  = {3},
  number  = {3},
  pages   = {181-191},
  year    = {1991},
  issn    = {0899-8248},
  doi     = {https://doi.org/10.1016/0899-8248(91)90006-G},
  url     = {https://www.sciencedirect.com/science/article/pii/089982489190006G},
  author  = {Eberhard Bänsch}
}